<record><leader>00000cas a2200000 a 4500</leader><controlfield tag="001">40592648</controlfield><controlfield tag="008">990108d19111947miuwr n       0    0eng c</controlfield><datafield ind1=" " ind2=" " tag="010"><subfield code="a">sn 98066890 </subfield></datafield><datafield ind1=" " ind2=" " tag="040"><subfield code="a">MHN</subfield><subfield code="b">eng</subfield><subfield code="c">MHN</subfield><subfield code="d">OCL</subfield><subfield code="d">OCLCQ</subfield><subfield code="d">OCLCO</subfield></datafield><datafield ind1="1" ind2=" " tag="029"><subfield code="a">AU@</subfield><subfield code="b">000014498293</subfield></datafield><datafield ind1=" " ind2=" " tag="042"><subfield code="a">pcc</subfield></datafield><datafield ind1=" " ind2=" " tag="043"><subfield code="a">n-us-mi</subfield></datafield><datafield ind1="0" ind2="4" tag="245"><subfield code="a">The Riverdale promoter.</subfield></datafield><datafield ind1=" " ind2=" " tag="260"><subfield code="a">Riverdale, Gratiot Co., Mich. :</subfield><subfield code="b">J.L. Nichols</subfield></datafield><datafield ind1=" " ind2=" " tag="300"><subfield code="a">v.</subfield></datafield><datafield ind1=" " ind2=" " tag="310"><subfield code="a">Weekly</subfield></datafield><datafield ind1="1" ind2=" " tag="362"><subfield code="a">Began in July 1911; ceased in 1947.</subfield><subfield code="z">Cf. Riverdale Centennial bk., 1974.</subfield></datafield><datafield ind1=" " ind2=" " tag="500"><subfield code="a">Under title on masthead: "With which is consolidated the Gratiot County Democrat," &lt;June 1, 1930&gt;-</subfield></datafield><datafield ind1=" " ind2=" " tag="588"><subfield code="a">Description based on: 4th yr., no. 42 (May 13, 1915).</subfield></datafield><datafield ind1=" " ind2="0" tag="651"><subfield code="a">Riverdale (Mich.)</subfield><subfield code="v">Newspapers.</subfield></datafield><datafield ind1=" " ind2="0" tag="651"><subfield code="a">Gratiot County (Mich.)</subfield><subfield code="v">Newspapers.</subfield></datafield><datafield ind1=" " ind2=" " tag="752"><subfield code="a">United States</subfield><subfield code="b">Michigan</subfield><subfield code="c">Gratiot</subfield><subfield code="d">Riverdale.</subfield></datafield></record>